
@misc{coursework,
	title="Курсовая работа // Большая советская энциклопедия / гл. ред. А. М. Прохоров. — 3-е изд. — М. : Советская энциклопедия, 1969—1978.",
}
http://in.1543.ru/pub/bse/
@misc{multispectral,
	title="C. Aguilera, F. Barrera. Multispectral Image Feature Points // Sensors ---  2012 --- V. 12 --- № 9 --- P. 12661--12672",
}

@misc{db,
	title="Database Systems
	The Complete Book
	Second Edition
	Hector Garcia-Molina
	Jeffrey D. Ullman",
}

@misc{most_popular,
	title="The Most Popular Databases for 2022 [Электронный ресурс] // LearnSQL. URL: https://learnsql.com/blog/most-popular-databases-2022/ (Дата обращения: 18.04.2023)",
}

@misc{sqlite,
	title="What Is SQLite? [Электронный ресурс] // SQLite. URL: https://www.sqlite.org/index.html (Дата обращения: 18.04.2023)",
}

@misc{postgres,
	title="PostgreSQL: The World's Most Advanced Open Source Relational Database [Электронный ресурс] // PostgreSQL. URL: https://www.postgresql.org/ (Дата обращения: 18.04.2023)",
}

@misc{mysql,
	title="The world's most popular open source database [Электронный ресурс] // MySQL. URL: https://www.mysql.com/ (Дата обращения: 18.04.2023)",
}

@misc{sqlalch,
	title="The Python SQL Toolkit and Object Relational Mapper [Электронный ресурс] // SQLAlchemy. URL:https://www.sqlalchemy.org/ (Дата обращения: 18.04.2023)",
}

@misc{windows,
	title="Windows [Электронный ресурс] // URL: https://www.microsoft.com/en-us/windows (дата обращения: 18.04.2023)"
}

@misc{intel,
	title="Процессор Intel Core i5 [Электронный ресурс] //  URL: \url{https://www.intel.com/processors/core/i5/docs} (дата обращения: 18.04.2023)",
	
}

@misc{python,
	title="Welcome to Python [Электронный ресурс] // URL: https://www.python.org (дата обращения: 18.04.2022)"
}

@misc{pyqt5,
	title="PyQt5 5.15.9 [Электронный ресурс] // URL: https://pypi.org/project/PyQt5/ (дата обращения: 18.04.2022)"
}


@misc{olap,
	title={Meier A., Kaufmann M. SQL and NoSQL Databases, Wiesbaden: Springer Fachmedien Wiesbaden GmbH. 2019. p. 176.},
}

@misc{oltp,
title={Meier A., Kaufmann M. SQL and NoSQL Databases, Wiesbaden: Springer Fachmedien Wiesbaden GmbH. 2019. p. 177.},
}

@book{index,
	title={Garcia-Molina H., Ullman  J. D., Widom  J. Database Systems:
	The Complete Book, New Jersey: Prentice Hall. 2008.},
}


Инвертированные списки http://algmet.simulacrum.me/subd/lect3.htm
иерарх https://www.tadviser.ru/index.php/%D0%A1%D1%82%D0%B0%D1%82%D1%8C%D1%8F:%D0%98%D0%B5%D1%80%D0%B0%D1%80%D1%85%D0%B8%D1%87%D0%B5%D1%81%D0%BA%D0%B0%D1%8F_%D0%A1%D0%A3%D0%91%D0%94
сетев https://www.tadviser.ru/index.php/%D0%A1%D1%82%D0%B0%D1%82%D1%8C%D1%8F:%D0%A1%D0%B5%D1%82%D0%B5%D0%B2%D0%B0%D1%8F_%D0%A1%D0%A3%D0%91%D0%94

реляц https://azure.microsoft.com/ru-ru/resources/cloud-computing-dictionary/what-is-a-relational-database/#whatis
@Article{multispectral1,
	AUTHOR = {Aguilera, Cristhian and Barrera, Fernando and Lumbreras, Felipe and Sappa, Angel D. and Toledo, Ricardo},
	TITLE = {Multispectral Image Feature Points},
	JOURNAL = {Sensors},
	VOLUME = {12},
	YEAR = {2012},
	NUMBER = {9},
	PAGES = {12661--12672},
	language = {english}
}